%% LaTeX2e file `references.bib'
%% generated by the `filecontents' environment
%% from source `finalReport' on 2015/11/26.
%%
 @article{2001Friedman,
  jstor_articletype = {research-article},
  title = {Greedy Function Approximation: A Gradient Boosting Machine},
  author = {Friedman, Jerome H.},
  journal = {The Annals of Statistics},
  jstor_issuetitle = {},
  volume = {29},
  number = {5},
  jstor_formatteddate = {Oct., 2001},
  pages = {pp. 1189-1232},
  url = {http://www.jstor.org/stable/2699986},
  ISSN = {00905364},
  language = {English},
  year = {2001},
  publisher = {Institute of Mathematical Statistics},
  copyright = {Copyright © 2001 Institute of Mathematical Statistics},
 }
 @article{2002Friedman,
  title = {Stochastic gradient boosting},
  author = {Friedman, Jerome H.},
  journal = {Computational Statistics And Data Analysis},
  volume = {38},
  number = {4},
  pages = {pp 367-378},
  year = {2002},
  issn = {0167-9473},
  doi = {10.1016/S0167-9473(01)00065-2},
  url = {http://www.sciencedirect.com/science/article/pii/S0167947301000652}
 }
 @article{GBMTut,
  title = {Gradient boosting machines, a tutorial},
  author = {Natekin, Alexey, and Alois Knoll},
  journal = {Frontiers in Neurorobotics},
  volume = {7},
  pages = {21},
  year = {2013},
  issn = {1662-5218},
  doi = {10.3389/fnbot.2013.00021},
  url = {http://www.ncbi.nlm.nih.gov/pmc/articles/PMC3885826/}
 }
 @article{2012ridgeway,
  title = {Generalized Boosted Models: A guide to the gbm package},
  author = {Ridgeway, Greg},
  journal = {Update},
  volume = {1},
  number = {1},
  pages = {14},
  year = {2012}
 }
 @article{StrengthOfWeak,
  author = {Schapire, Robert E.},
  title = {The Strength of Weak Learnability},
  journal = {Mach. Learn.},
  issue_date = {Jun. 1990},
  volume = {5},
  number = {2},
  month = jul,
  year = {1990},
  issn = {0885-6125},
  pages = {197--227},
  numpages = {31},
  url = {http://dx.doi.org/10.1023/A:1022648800760},
  doi = {10.1023/A:1022648800760},
  acmid = {83645},
  publisher = {Kluwer Academic Publishers},
  address = {Hingham, MA, USA},
  keywords = {Machine learning, PAC learning, learnability theory, learning from examples, polynomial-time identification},
 }
 @incollection{BoostingSurvey,
  year={2003},
  isbn={978-0-387-95471-4},
  booktitle={Nonlinear Estimation and Classification},
  volume={171},
  series={Lecture Notes in Statistics},
  editor={Denison, DavidD. and Hansen, MarkH. and Holmes, ChristopherC. and Mallick, Bani and Yu, Bin},
  doi={10.1007/978-0-387-21579-2_9},
  title={The Boosting Approach to Machine Learning: An Overview},
  publisher={Springer New York},
  author={Schapire, Robert E.},
  pages={149-171},
  language={English}
 }
 @article {ecological,
  author = {Elith, J. and Leathwick, J. R. and Hastie, T.},
  title = {A working guide to boosted regression trees},
  journal = {Journal of Animal Ecology},
  volume = {77},
  number = {4},
  publisher = {Blackwell Publishing Ltd},
  issn = {1365-2656},
  url = {http://dx.doi.org/10.1111/j.1365-2656.2008.01390.x},
  doi = {10.1111/j.1365-2656.2008.01390.x},
  pages = {802--813},
  keywords = {data mining, machine learning, model averaging, random forests, species distributions},
  year = {2008},
 }
 @inproceedings{KearnsValient:1989,
  author = {Kearns, M. and Valiant, L. G.},
  title = {Crytographic Limitations on Learning Boolean Formulae and Finite Automata},
  booktitle = {Proceedings of the Twenty-first Annual ACM Symposium on Theory of Computing},
  series = {STOC '89},
  year = {1989},
  isbn = {0-89791-307-8},
  location = {Seattle, Washington, USA},
  pages = {433--444},
  numpages = {12},
  url = {http://doi.acm.org/10.1145/73007.73049},
  doi = {10.1145/73007.73049},
  acmid = {73049},
  publisher = {ACM},
  address = {New York, NY, USA},
 }
 @article {Kearns:1988,
  author = {Kearns, M.},
  title = {Thoughts on Hypothesis Boosting},
  journal = {Unpublished manuscript (Machine Learning class project, December 1988)},
  year = {1988}
 }
 @inproceedings{OCRDruckerHarrisSchapire,
  author = {Drucker, Harris and Schapire, Robert E. and Simard, Patrice},
  title = {Improving Performance in Neural Networks Using a Boosting Algorithm},
  booktitle = {Advances in Neural Information Processing Systems 5, [NIPS Conference]},
  year = {1993},
  isbn = {1-55860-274-7},
  pages = {42--49},
  numpages = {8},
  url = {http://dl.acm.org/citation.cfm?id=645753.668055},
  acmid = {668055},
  publisher = {Morgan Kaufmann Publishers Inc.},
  address = {San Francisco, CA, USA},
 }
 @article{friedman2000,
  author = "Friedman, Jerome and Hastie, Trevor and Tibshirani, Robert",
  doi = "10.1214/aos/1016218223",
  fjournal = "The Annals of Statistics",
  journal = "Ann. Statist.",
  month = "04",
  number = "2",
  pages = "337--407",
  publisher = "The Institute of Mathematical Statistics",
  title = "Additive logistic regression: a statistical view of boosting (With
  discussion and a rejoinder by the authors)",
  url = "http://dx.doi.org/10.1214/aos/1016218223",
  volume = "28",
  year = "2000"
 }
 @incollection{adaboost,
  year={1995},
  isbn={978-3-540-59119-1},
  booktitle={Computational Learning Theory},
  volume={904},
  series={Lecture Notes in Computer Science},
  editor={Vitányi, Paul},
  doi={10.1007/3-540-59119-2_166},
  title={A desicion-theoretic generalization of on-line learning and an application to boosting},
  url={http://dx.doi.org/10.1007/3\-540\-59119-2\_166},
  publisher={Springer Berlin Heidelberg},
  author={Freund, Yoav and Schapire, RobertE.},
  pages={23-37},
  language={English}
 }
 @article{death2007ABT,
  title={Boosted trees for ecological modeling and prediction},
  author={De'Ath, Glenn},
  journal={Ecology},
  volume={88},
  number={1},
  pages={243--251},
  year={2007},
  publisher={Eco Soc America}
 }
 @misc{elith2015boosted,
  title={Boosted Regression Trees for ecological modeling},
  author={Elith, Jane and Leathwick, John},
  year={2015}
 }


